% This file was created with JabRef 2.7b.
% Encoding: ISO8859_1

 
@book{russel_norvig_2009,
 author = {Russell, Stuart and Norvig, Peter},
 title = {Artificial Intelligence: A Modern Approach},
 year = {2009},
 edition = {3rd}
} 

@article{wooldridge_jennings_1995, 
title={Intelligent agents: theory and practice}, 
volume={10}, DOI={10.1017/S0269888900008122}, 
number={2}, journal={The Knowledge Engineering Review}, 
publisher={Cambridge University Press}, 
author={Wooldridge, Michael and Jennings, Nicholas R.},
 year={1995}
, pages={115â€“152}}
 

@phdthesis{Casali2008,
 title = {On intentional and social agents with graded attitudes},
 school = {Universitat de Girona}, 
 author = {Casali, Ana},
 year = {2008}}

@Article{Herzig2017,
author="Herzig, Andreas
and Lorini, Emiliano
and Perrussel, Laurent
and Xiao, Zhanhao",
title="BDI Logics for BDI Architectures: Old Problems, New Perspectives",
journal="KI - K{\"u}nstliche Intelligenz",
year="2017",
month="Mar",
day="01",
volume="31",
number="1",
pages="73--83",
issn="1610-1987",
doi="10.1007/s13218-016-0457-5",
url="https://doi.org/10.1007/s13218-016-0457-5"
}